<?xml version="1.0" encoding="UTF-8"?><record xmlns="http://www.loc.gov/MARC21/slim" xmlns:cinclude="http://apache.org/cocoon/include/1.0" xmlns:zs="http://www.loc.gov/zing/srw/">
  <leader>00585cz  a2200169n  4500</leader>
  <controlfield tag="001">n  81092514 </controlfield>
  <controlfield tag="003">DLC</controlfield>
  <controlfield tag="005">20140111073926.0</controlfield>
  <controlfield tag="008">810826n| azannaabn          |a aaa      </controlfield>
  <datafield tag="010" ind1=" " ind2=" ">
    <subfield code="a">n  81092514 </subfield>
    <subfield code="z">n  80078168 </subfield>
  </datafield>
  <datafield tag="035" ind1=" " ind2=" ">
    <subfield code="a">(OCoLC)oca00637702</subfield>
  </datafield>
  <datafield tag="040" ind1=" " ind2=" ">
    <subfield code="a">DLC</subfield>
    <subfield code="b">eng</subfield>
    <subfield code="e">rda</subfield>
    <subfield code="c">DLC</subfield>
    <subfield code="d">DLC</subfield>
    <subfield code="d">OCoLC</subfield>
    <subfield code="d">ICU</subfield>
  </datafield>
  <datafield tag="046" ind1=" " ind2=" ">
    <subfield code="f">1950</subfield>
  </datafield>
  <datafield tag="100" ind1="1" ind2=" ">
    <subfield code="a">Meier-Braun, Karl-Heinz</subfield>
  </datafield>
  <datafield tag="400" ind1="1" ind2=" ">
    <subfield code="a">Braun, Karl-Heinz Meier-</subfield>
  </datafield>
  <datafield tag="670" ind1=" " ind2=" ">
    <subfield code="a">His Das Asylanten-Problem, 1981:</subfield>
    <subfield code="b">t.p. (Karl-Heinz Meier-Braun)</subfield>
  </datafield>
  <datafield tag="670" ind1=" " ind2=" ">
    <subfield code="a">His Integration und RuĚckkehr? 1988:</subfield>
    <subfield code="b">t.p. (Karl-Heinz Meier-Braun) p. 4 of cover (b. 1950; Dr. rer. soc.)</subfield>
  </datafield>
</record>